@ARTICLE{odyssey,
       author = {{Rymer}, Abigail M. and {Runyon}, Kirby D. and {Clyde}, Brenda and {N{\'u}{\~n}ez}, Jorge I. and {Nikoukar}, Romina and {Soderlund}, Krista M. and {Sayanagi}, Kunio and {Hofstadter}, Mark and {Quick}, Lynnae C. and {Stern}, S. Alan and {Becker}, Tracy and {Hedman}, Matthew and {Cohen}, Ian and {Crary}, Frank and {Fortney}, Jonathan J. and {Vertesi}, Janet and {Hansen}, Candy and {de Pater}, Imke and {Paty}, Carol and {Spilker}, Thomas and {Stallard}, Tom and {Hospodarsky}, George B. and {Smith}, H. Todd and {Wakeford}, Hannah and {Moran}, Sarah E. and {Annex}, Andrew and {Schenk}, Paul and {Ozimek}, Martin and {Arrieta}, Juan and {McNutt}, Ralph L. and {Masters}, Adam and {Simon}, Amy A. and {Ensor}, Susan and {Apland}, Clint T. and {Bruzzi}, Jonathan and {Patthoff}, D. Alex and {Scott}, Christopher and {Campo}, Christian and {Krupiarz}, Christopher and {Cochrane}, Corey J. and {Gantz}, Curt and {Rodriguez}, Dan and {Gallagher}, Dan and {Hurley}, Dana and {Crowley}, Doug and {Abel}, Elizabeth and {Provornikova}, Elena and {Turtle}, Elizabeth P. and {Clark}, George and {Wilkes}, Jacob and {Hunt}, Jack and {Roberts}, James H. and {Rehm}, Jeremy and {Murray}, Kelvin and {Wolfarth}, Larry and {Fletcher}, Leigh N. and {Spilker}, Linda and {Martin}, Emily S. and {Parisi}, Marzia and {Norkus}, Mike and {Izenberg}, Noam and {Stough}, Robert and {Vervack}, Ron J. and {Mandt}, Kathleen and {Stevenson}, Kevin B. and {Kijewski}, Seth and {Cheng}, Weilun and {Feldman}, Jay D. and {Allen}, Gary and {Prabhu}, Dinesh and {Dutta}, Soumya and {Young}, Cindy and {Williams}, Joseph},
        title = "{Neptune Odyssey: A Flagship Concept for the Exploration of the Neptune-Triton System}",
     keywords = {Extrasolar ice giants, Neptune, Neptunian satellites, Pluto, Uranus, Planetary magnetosphere, Van Allen radiation belt, Planetary surfaces, Surface ices, Ocean planets, Planetary rings, Planetary polar regions},
         year = 2021,
        month = oct,
       volume = {2},
       number = {5},
          eid = {184},
        pages = {184},
          doi = {10.3847/PSJ/abf654},
       adsurl = {https://ui.adsabs.harvard.edu/abs/2021PSJ.....2..184R},
      adsnote = {Provided by the SAO/NASA Astrophysics Data System}
}


@ARTICLE{soyuer2021,
       author = {{Soyuer}, Deniz and {Zwick}, Lorenz and {D'Orazio}, Daniel J. and {Saha}, Prasenjit},
        title = "{Searching for gravitational waves via Doppler tracking by future missions to Uranus and Neptune}",
      journal = {\mnras},
     keywords = {gravitational waves, planets and satellites: individual: Uranus, planets and satellites: individual: Neptune, quasars: supermassive black holes, black hole mergers, Astrophysics - High Energy Astrophysical Phenomena, Astrophysics - Earth and Planetary Astrophysics, Astrophysics - Instrumentation and Methods for Astrophysics, General Relativity and Quantum Cosmology},
         year = 2021,
        month = may,
       volume = {503},
       number = {1},
        pages = {L73-L79},
          doi = {10.1093/mnrasl/slab025},
archivePrefix = {arXiv},
       eprint = {2101.11975},
 primaryClass = {astro-ph.HE},
       adsurl = {https://ui.adsabs.harvard.edu/abs/2021MNRAS.503L..73S},
      adsnote = {Provided by the SAO/NASA Astrophysics Data System}
}



@ARTICLE{simon,
       author = {{Simon}, A.~A. and {Fletcher}, L.~N. and {Arridge}, C. and {Atkinson}, D. and {Coustenis}, A. and {Ferri}, F. and {Hofstadter}, M. and {Masters}, A. and {Mousis}, O. and {Reh}, K. and {Turrini}, D. and {Witasse}, O.},
        title = "{A Review of the in Situ Probe Designs from Recent Ice Giant Mission Concept Studies}",
      journal = {\ssr},
     keywords = {Uranus, Neptune, Mission concept, Robotic exploration, Atmospheric probe},
         year = 2020,
        month = feb,
       volume = {216},
       number = {1},
          eid = {17},
        pages = {17},
          doi = {10.1007/s11214-020-0639-1},
       adsurl = {https://ui.adsabs.harvard.edu/abs/2020SSRv..216...17S},
      adsnote = {Provided by the SAO/NASA Astrophysics Data System}
}




@ARTICLE{exp_fle,
       author = {{Fletcher}, L.~N. and {Simon}, A.~A. and {Hofstadter}, M.~D. and {Arridge}, C.~S. and {Cohen}, Ian J. and {Masters}, A. and {Mandt}, K. and {Coustenis}, A.},
        title = "{Ice giant system exploration in the 2020s: an introduction}",
      journal = {Philosophical Transactions of the Royal Society of London Series A},
         year = 2020,
        month = dec,
       volume = {378},
       number = {2187},
          eid = {20190473},
        pages = {20190473},
          doi = {10.1098/rsta.2019.0473},
       adsurl = {https://ui.adsabs.harvard.edu/abs/2020RSPTA.37890473F},
      adsnote = {Provided by the SAO/NASA Astrophysics Data System}
}



@ARTICLE{exp_hof,
       author = {{Hofstadter}, Mark and {Simon}, Amy and {Atreya}, Sushil and {Banfield}, Donald and {Fortney}, Jonathan J. and {Hayes}, Alexander and {Hedman}, Matthew and {Hospodarsky}, George and {Mandt}, Kathleen and {Masters}, Adam and {Showalter}, Mark and {Soderlund}, Krista M. and {Turrini}, Diego and {Turtle}, Elizabeth and {Reh}, Kim and {Elliott}, John and {Arora}, Nitin and {Petropoulos}, Anastassios and {Ice Giant Mission Study Team}},
        title = "{Uranus and Neptune missions: A study in advance of the next Planetary Science Decadal Survey}",
      journal = {\planss},
     keywords = {Uranus, Neptune, Ice giant, Mission},
         year = 2019,
        month = nov,
       volume = {177},
          eid = {104680},
        pages = {104680},
          doi = {10.1016/j.pss.2019.06.004},
       adsurl = {https://ui.adsabs.harvard.edu/abs/2019P&SS..17704680H},
      adsnote = {Provided by the SAO/NASA Astrophysics Data System}
}



@ARTICLE{exp_helled,
       author = {{Helled}, Ravit and {Fortney}, Jonathan J.},
        title = "{The interiors of Uranus and Neptune: current understanding and open questions}",
      journal = {Philosophical Transactions of the Royal Society of London Series A},
     keywords = {Astrophysics - Earth and Planetary Astrophysics},
         year = 2020,
        month = dec,
       volume = {378},
       number = {2187},
        pages = {00474},
          doi = {10.1098/rsta.2019.0474},
archivePrefix = {arXiv},
       eprint = {2007.10783},
 primaryClass = {astro-ph.EP},
       adsurl = {https://ui.adsabs.harvard.edu/abs/2020RSPTA.37800474H},
      adsnote = {Provided by the SAO/NASA Astrophysics Data System}
}


@ARTICLE{whitepaper,
       author = {{Beddingfield}, Chloe and {Li}, Cheng and {Atreya}, Sushil and {Beauchamp}, Patricia and {Cohen}, Ian and {Fortney}, Jonathan and {Hammel}, Heidi and {Hedman}, Matthew and {Hofstadter}, Mark and {Rymer}, Abigail and {Schenk}, Paul and {Showalter}, Mark},
        title = "{Exploration of the Ice Giant Systems: A White Paper for NASA's Planetary Science and Astrobiology Decadal Survey 2023-2032}",
      journal = {arXiv e-prints},
     keywords = {Astrophysics - Instrumentation and Methods for Astrophysics, Astrophysics - Earth and Planetary Astrophysics},
         year = 2020,
        month = jul,
          eid = {arXiv:2007.11063},
        pages = {arXiv:2007.11063},
archivePrefix = {arXiv},
       eprint = {2007.11063},
 primaryClass = {astro-ph.IM},
       adsurl = {https://ui.adsabs.harvard.edu/abs/2020arXiv200711063B},
      adsnote = {Provided by the SAO/NASA Astrophysics Data System}
}


@misc{whitepaper2,
      title={Exploration Strategy for the Outer Planets 2023-2032: Goals and Priorities}, 
      author={Jeff Moore and Linda Spilker and Morgan Cable and Scott Edgington and Amanda Hendrix and Mark Hofstadter and Terry Hurford and Kathleen Mandt and Alfred McEwen and Carol Paty and Lynnae Quick and Abigail Rymer and Kunio Sayanagi and Britney Schmidt and Thomas Spilker},
      year={2020},
      eprint={2003.11182},
      archivePrefix={arXiv},
      primaryClass={astro-ph.EP}
}



@ARTICLE{whitepaper3,
       author = {{Cartwright}, Richard J. and {Beddingfield}, Chloe B. and {Nordheim}, Tom and {Elder}, Catherine and {Grundy}, Will and {Bramson}, Ali and {Sori}, Michael and {Pappalardo}, Robert and {Neveu}, Marc and {Burr}, Devon and {Ermakov}, Anton and {Roser}, Joe and {Castillo-Rogez}, Julie and {Showalter}, Mark and {Cohen}, Ian and {Turtle}, Zibi and {Hofstadter}, Mark},
        title = "{The Science Case for Spacecraft Exploration of the Uranian Satellites}",
      journal = {arXiv e-prints},
     keywords = {Astrophysics - Instrumentation and Methods for Astrophysics, Astrophysics - Earth and Planetary Astrophysics},
         year = 2020,
        month = jul,
          eid = {arXiv:2007.07284},
        pages = {arXiv:2007.07284},
archivePrefix = {arXiv},
       eprint = {2007.07284},
 primaryClass = {astro-ph.IM},
       adsurl = {https://ui.adsabs.harvard.edu/abs/2020arXiv200707284C},
      adsnote = {Provided by the SAO/NASA Astrophysics Data System}
}


@INPROCEEDINGS{inpro,
       author = {{Cohen}, I.~J. and {Beddingfield}, C.~B. and {Chancia}, R.~O. and
         {DiBraccio}, G.~A. and {Hedman}, M.~M. and {MacKenzie}, S.~M. and
         {Mauk}, B.~H. and {Sayanagi}, K.~M. and {Soderlund}, K.~M. and
         {Turtle}, E.~P. and {Adams}, E.~Y. and {Ahrens}, C.~J. and
         {Arridge}, C.~S. and {Brooks}, S.~M. and {Bunce}, E.~J. and
         {Charnoz}, S. and {Clark}, G.~B. and {Coustenis}, A. and
         {Dillman}, R.~A. and {Dutta}, S. and {Fletcher}, L.~N. and
         {Harbison}, R.~A. and {Helled}, R. and {Holme}, R. and
         {Jozwiak}, L.~M. and {Kasaba}, Y. and {Kollmann}, P. and
         {Luszcz-Cook}, S. and {Mousis}, O. and {Mura}, A. and {Murakami}, G. and
         {Parisi}, M. and {Rymer}, A.~M. and {Stanley}, S. and {Stephan}, K. and
         {Vervack}, R.~J. and {Wong}, M.~H. and {Wurz}, P.},
        title = "{New Frontiers-Class Uranus Orbiter: A Case for Exploring the Feasibility of Achieving Multidisciplinary Science with a Mid-Scale Mission}",
    booktitle = {Lunar and Planetary Science Conference},
         year = 2020,
       series = {Lunar and Planetary Science Conference},
        month = mar,
          eid = {1428},
        pages = {1428},
       adsurl = {https://ui.adsabs.harvard.edu/abs/2020LPI....51.1428C},
      adsnote = {Provided by the SAO/NASA Astrophysics Data System}
}

@ARTICLE{fletcher,
       author = {{Fletcher}, Leigh N. and {Helled}, Ravit and {Roussos}, Elias and
         {Jones}, Geraint and {Charnoz}, S{\'e}bastien and {Andr{\'e}}, Nicolas and
         {Andrews}, David and {Bannister}, Michele and {Bunce}, Emma and
         {Cavali{\'e}}, Thibault and {Ferri}, Francesca and {Fortney}, Jonathan and
         {Grassi}, Davide and {Griton}, L{\'e}a and {Hartogh}, Paul and
         {Hueso}, Ricardo and {Kaspi}, Yohai and {Lamy}, Laurent and
         {Masters}, Adam and {Melin}, Henrik and {Moses}, Julianne and
         {Mousis}, Oliver and {Nettleman}, Nadine and {Plainaki}, Christina and
         {Schmidt}, J{\"u}rgen and {Simon}, Amy and {Tobie}, Gabriel and
         {Tortora}, Paolo and {Tosi}, Federico and {Turrini}, Diego},
        title = "{Ice Giant Systems: The scientific potential of orbital missions to Uranus and Neptune}",
      journal = {\planss},
     keywords = {Giant planets, Ice giants, Robotic missions, Orbiters, Probes, Astrophysics - Earth and Planetary Astrophysics, Astrophysics - Instrumentation and Methods for Astrophysics},
         year = 2020,
        month = oct,
       volume = {191},
          eid = {105030},
        pages = {105030},
          doi = {10.1016/j.pss.2020.105030},
archivePrefix = {arXiv},
       eprint = {1907.02963},
 primaryClass = {astro-ph.EP},
       adsurl = {https://ui.adsabs.harvard.edu/abs/2020P&SS..19105030F},
      adsnote = {Provided by the SAO/NASA Astrophysics Data System}
}

@ARTICLE{KocsisLocLISA+2007,
       author = {{Kocsis}, Bence and {Haiman}, Zolt{\'a}n and {Menou}, Kristen and {Frei}, Zsolt},
        title = "{Premerger localization of gravitational-wave standard sirens with LISA: Harmonic mode decomposition}",
      journal = {\prd},
     keywords = {04.80.Nn, 04.30.Db, 95.85.Sz, Gravitational wave detectors and experiments, Wave generation and sources, Gravitational radiation magnetic fields and other observations, Astrophysics, General Relativity and Quantum Cosmology},
         year = 2007,
        month = jul,
       volume = {76},
       number = {2},
          eid = {022003},
        pages = {022003},
          doi = {10.1103/PhysRevD.76.022003},
archivePrefix = {arXiv},
       eprint = {astro-ph/0701629},
 primaryClass = {astro-ph},
       adsurl = {https://ui.adsabs.harvard.edu/abs/2007PhRvD..76b2003K},
      adsnote = {Provided by the SAO/NASA Astrophysics Data System}
}






@ARTICLE{LISA:2017,
       author = {{Amaro-Seoane}, Pau and {Audley}, Heather and {Babak}, Stanislav and {Baker}, John and {Barausse}, Enrico and {Bender}, Peter and {Berti}, Emanuele and {Binetruy}, Pierre and {Born}, Michael and {Bortoluzzi}, Daniele and {Camp}, Jordan and {Caprini}, Chiara and {Cardoso}, Vitor and {Colpi}, Monica and {Conklin}, John and {Cornish}, Neil and {Cutler}, Curt and {Danzmann}, Karsten and {Dolesi}, Rita and {Ferraioli}, Luigi and {Ferroni}, Valerio and {Fitzsimons}, Ewan and {Gair}, Jonathan and {Gesa Bote}, Lluis and {Giardini}, Domenico and {Gibert}, Ferran and {Grimani}, Catia and {Halloin}, Hubert and {Heinzel}, Gerhard and {Hertog}, Thomas and {Hewitson}, Martin and {Holley-Bockelmann}, Kelly and {Hollington}, Daniel and {Hueller}, Mauro and {Inchauspe}, Henri and {Jetzer}, Philippe and {Karnesis}, Nikos and {Killow}, Christian and {Klein}, Antoine and {Klipstein}, Bill and {Korsakova}, Natalia and {Larson}, Shane L and {Livas}, Jeffrey and {Lloro}, Ivan and {Man}, Nary and {Mance}, Davor and {Martino}, Joseph and {Mateos}, Ignacio and {McKenzie}, Kirk and {McWilliams}, Sean T and {Miller}, Cole and {Mueller}, Guido and {Nardini}, Germano and {Nelemans}, Gijs and {Nofrarias}, Miquel and {Petiteau}, Antoine and {Pivato}, Paolo and {Plagnol}, Eric and {Porter}, Ed and {Reiche}, Jens and {Robertson}, David and {Robertson}, Norna and {Rossi}, Elena and {Russano}, Giuliana and {Schutz}, Bernard and {Sesana}, Alberto and {Shoemaker}, David and {Slutsky}, Jacob and {Sopuerta}, Carlos F. and {Sumner}, Tim and {Tamanini}, Nicola and {Thorpe}, Ira and {Troebs}, Michael and {Vallisneri}, Michele and {Vecchio}, Alberto and {Vetrugno}, Daniele and {Vitale}, Stefano and {Volonteri}, Marta and {Wanner}, Gudrun and {Ward}, Harry and {Wass}, Peter and {Weber}, William and {Ziemer}, John and {Zweifel}, Peter},
        title = "{Laser Interferometer Space Antenna}",
      journal = {arXiv e-prints},
     keywords = {Astrophysics - Instrumentation and Methods for Astrophysics},
         year = 2017,
        month = feb,
          eid = {arXiv:1702.00786},
        pages = {arXiv:1702.00786},
archivePrefix = {arXiv},
       eprint = {1702.00786},
 primaryClass = {astro-ph.IM},
       adsurl = {https://ui.adsabs.harvard.edu/abs/2017arXiv170200786A},
      adsnote = {Provided by the SAO/NASA Astrophysics Data System}
}



@ARTICLE{PMartini:2004,
   author = {{Martini}, P.},
    title = "{QSO Lifetimes}",
  journal = {Coevolution of Black Holes and Galaxies},
   eprint = {astro-ph/0304009},
     year = 2004,
    pages = {169},
   adsurl = {http://adsabs.harvard.edu/abs/2004cbhg.symp..169M},
  adsnote = {Provided by the SAO/NASA Astrophysics Data System}
}


@ARTICLE{DOrazioLoeb:2019,
       author = {{D'Orazio}, Daniel J. and {Loeb}, Abraham},
        title = "{Detecting the orbital motion of nearby supermassive black hole binaries with Gaia}",
      journal = {\prd},
     keywords = {Astrophysics - High Energy Astrophysical Phenomena, Astrophysics - Astrophysics of Galaxies},
         year = 2019,
        month = nov,
       volume = {100},
       number = {10},
          eid = {103016},
        pages = {103016},
          doi = {10.1103/PhysRevD.100.103016},
archivePrefix = {arXiv},
       eprint = {1808.09974},
 primaryClass = {astro-ph.HE},
       adsurl = {https://ui.adsabs.harvard.edu/abs/2019PhRvD.100j3016D},
      adsnote = {Provided by the SAO/NASA Astrophysics Data System}
}




@ARTICLE{hofstadter,
       author = {{Hofstadter}, Mark and {Simon}, Amy and {Atreya}, Sushil and
         {Banfield}, Donald and {Fortney}, Jonathan J. and {Hayes}, Alexander and
         {Hedman}, Matthew and {Hospodarsky}, George and {Mandt}, Kathleen and
         {Masters}, Adam and {Showalter}, Mark and {Soderlund}, Krista M. and
         {Turrini}, Diego and {Turtle}, Elizabeth and {Reh}, Kim and
         {Elliott}, John and {Arora}, Nitin and {Petropoulos}, Anastassios and
         {Ice Giant Mission Study Team}},
        title = "{Uranus and Neptune missions: A study in advance of the next Planetary Science Decadal Survey}",
      journal = {\planss},
     keywords = {Uranus, Neptune, Ice giant, Mission},
         year = 2019,
        month = nov,
       volume = {177},
          eid = {104680},
        pages = {104680},
          doi = {10.1016/j.pss.2019.06.004},
       adsurl = {https://ui.adsabs.harvard.edu/abs/2019P&SS..17704680H},
      adsnote = {Provided by the SAO/NASA Astrophysics Data System}
}

@ARTICLE{robson,
       author = {{Robson}, Travis and {Cornish}, Neil J. and {Liu}, Chang},
        title = "{The construction and use of LISA sensitivity curves}",
      journal = {Classical and Quantum Gravity},
     keywords = {Astrophysics - High Energy Astrophysical Phenomena, General Relativity and Quantum Cosmology},
         year = 2019,
        month = may,
       volume = {36},
       number = {10},
          eid = {105011},
        pages = {105011},
          doi = {10.1088/1361-6382/ab1101},
archivePrefix = {arXiv},
       eprint = {1803.01944},
 primaryClass = {astro-ph.HE},
       adsurl = {https://ui.adsabs.harvard.edu/abs/2019CQGra..36j5011R},
      adsnote = {Provided by the SAO/NASA Astrophysics Data System}
}

@ARTICLE{fletcher2,
       author = {{Fletcher}, L.~N. and {Simon}, A.~A. and {Hofstadter}, M.~D. and
         {Arridge}, C.~S. and {Cohen}, I. and {Masters}, A. and {Mandt}, K. and
         {Coustenis}, A.},
        title = "{Ice Giant System Exploration in the 2020s: An Introduction}",
      journal = {arXiv e-prints},
     keywords = {Astrophysics - Instrumentation and Methods for Astrophysics, Astrophysics - Earth and Planetary Astrophysics},
         year = 2020,
        month = aug,
          eid = {arXiv:2008.12125},
        pages = {arXiv:2008.12125},
archivePrefix = {arXiv},
       eprint = {2008.12125},
 primaryClass = {astro-ph.IM},
       adsurl = {https://ui.adsabs.harvard.edu/abs/2020arXiv200812125F},
      adsnote = {Provided by the SAO/NASA Astrophysics Data System}
}

@ARTICLE{quest,
       author = {{Jarmak}, S. and {Leonard}, E. and {Akins}, A. and {Dahl}, E. and
         {Cremons}, D.~R. and {Cofield}, S. and {Curtis}, A. and {Dong}, C. and
         {Dunham}, E.~T. and {Journaux}, B. and {Murakami}, D. and {Ng}, W. and
         {Piquette}, M. and {Girija}, A. Pradeepkumar and {Rink}, K. and
         {Schurmeier}, L. and {Stein}, N. and {Tallarida}, N. and {Telus}, M. and
         {Lowes}, L. and {Budney}, C. and {Mitchell}, K.~L.},
        title = "{QUEST: A New Frontiers Uranus orbiter mission concept study}",
      journal = {Acta Astronautica},
     keywords = {Uranus, Planetary science summer seminar, Ice giants, Orbiter mission concept study, New frontiers},
         year = 2020,
        month = may,
       volume = {170},
        pages = {6-26},
          doi = {10.1016/j.actaastro.2020.01.030},
       adsurl = {https://ui.adsabs.harvard.edu/abs/2020AcAau.170....6J},
      adsnote = {Provided by the SAO/NASA Astrophysics Data System}
}

@article{luhman2011,
	doi = {10.1088/2041-8205/730/1/l9},
	url = {https://doi.org/10.1088/2041-8205/730/1/l9},
	year = 2011,
	month = {feb},
	publisher = {American Astronomical Society},
	volume = {730},
	number = {1},
	pages = {L9},
	author = {K. L. Luhman and A. J. Burgasser and J. J. Bochanski},
	title = {{DISCOVERY} {OF} A {CANDIDATE} {FOR} {THE} {COOLEST} {KNOWN} {BROWN} {DWARF}},
	journal = {The Astrophysical Journal},
	abstract = {We have used multi-epoch images from the Infrared Array Camera on board the Spitzer Space Telescope to search for substellar companions to stars in the solar neighborhood based on common proper motions. Through this work, we have discovered a faint companion to the white dwarf WD 0806-661. The comoving source has a projected separation of 130″, corresponding to 2500 AU at the distance of the primary (19.2 pc). If it is physically associated, then its absolute magnitude at 4.5 μm is ∼1 mag fainter than the faintest known T dwarfs, making it a strong candidate for the coolest known brown dwarf. The combination of M4.5 and the age of the primary (1.5 Gyr) implies an effective temperature of ∼300 K and a mass of ∼7 MJup according to theoretical evolutionary models. The white dwarf's progenitor likely had a mass of ∼2 M☉, and thus could have been born with a circumstellar disk that was sufficiently massive to produce a companion with this mass. Therefore, the companion could be either a brown dwarf that formed like a binary star or a giant planet that was born within a disk and has been dynamically scattered to a larger orbit.}
}

@article{vanderburg2020,
   title={A giant planet candidate transiting a white dwarf},
   volume={585},
   ISSN={1476-4687},
   url={http://dx.doi.org/10.1038/s41586-020-2713-y},
   DOI={10.1038/s41586-020-2713-y},
   number={7825},
   journal={Nature},
   publisher={Springer Science and Business Media LLC},
   author={Vanderburg, Andrew and Rappaport, Saul A. and Xu, Siyi and Crossfield, Ian J. M. and Becker, Juliette C. and Gary, Bruce and Murgas, Felipe and Blouin, Simon and Kaye, Thomas G. and Palle, Enric and Melis, Carl and Morris, Brett M. and Kreidberg, Laura and Gorjian, Varoujan and Morley, Caroline V. and Mann, Andrew W. and Parviainen, Hannu and Pearce, Logan A. and Newton, Elisabeth R. and Carrillo, Andreia and Zuckerman, Ben and Nelson, Lorne and Zeimann, Greg and Brown, Warren R. and Tronsgaard, René and Klein, Beth and Ricker, George R. and Vanderspek, Roland K. and Latham, David W. and Seager, Sara and Winn, Joshua N. and Jenkins, Jon M. and Adams, Fred C. and Benneke, Björn and Berardo, David and Buchhave, Lars A. and Caldwell, Douglas A. and Christiansen, Jessie L. and Collins, Karen A. and Colón, Knicole D. and Daylan, Tansu and Doty, John and Doyle, Alexandra E. and Dragomir, Diana and Dressing, Courtney and Dufour, Patrick and Fukui, Akihiko and Glidden, Ana and Guerrero, Natalia M. and Guo, Xueying and Heng, Kevin and Henriksen, Andreea I. and Huang, Chelsea X. and Kaltenegger, Lisa and Kane, Stephen R. and Lewis, John A. and Lissauer, Jack J. and Morales, Farisa and Narita, Norio and Pepper, Joshua and Rose, Mark E. and Smith, Jeffrey C. and Stassun, Keivan G. and Yu, Liang},
   year={2020},
   month={Sep},
   pages={363–367} }

@article{beuermann2011,
	author = {{Beuermann, K.} and {Buhlmann, J.} and {Diese, J.} and {Dreizler, S.} and {Hessman, F. V.} and {Husser, T.-O.} and {Miller, G. F.} and {Nickol, N.} and {Pons, R.} and {Ruhr, D.} and {Schm\"ulling, H.} and {Schwope, A. D.} and {Sorge, T.} and {Ulrichs, L.} and {Winget, D. E.} and {Winget, K. I.}},
	title = {The giant planet orbiting the cataclysmic binary DP Leonis},
	DOI= "10.1051/0004-6361/201015942",
	url= "https://doi.org/10.1051/0004-6361/201015942",
	journal = {A\&A},
	year = 2011,
	volume = 526,
	pages = "A53",
	month = "",
}

 @article{estabrook, title={Response of doppler spacecraft tracking to gravitational radiation}, volume={6}, DOI={10.1007/bf00762449}, number={5}, journal={General Relativity and Gravitation}, author={Estabrook, Frank B. and Wahlquist, Hugo D.}, year={1975}, pages={439–447}} 

@article{Robson,
	doi = {10.1088/1361-6382/ab1101},
	url = {https://doi.org/10.1088/1361-6382/ab1101},
	year = 2019,
	month = {apr},
	publisher = {{IOP} Publishing},
	volume = {36},
	number = {10},
	pages = {105011},
	author = {Travis Robson and Neil J Cornish and Chang Liu},
	title = {The construction and use of {LISA} sensitivity curves},
	journal = {Classical and Quantum Gravity},
	abstract = {The Laser Interferometer Space Antenna (LISA) will open the mHz band of the gravitational wave spectrum for exploration. Sensitivity curves are a useful tool for surveying the types of sources that can be detected by the LISA mission. Here we describe how the sensitivity curve is constructed, and how it can be used to compute the signal-to-noise ratio for a wide range of binary systems. We adopt the 2018 LISA mission performance requirement design parameters. We consider both sky-averaged sensitivities, and the sensitivity to sources at particular sky locations. The calculations are included in a publicly available Python notebook.}
}

@book{maggiore,
  title     = "Gravitational Waves: Volume 1: Theory and Experiments",
  author    = "Maggiore, Michele",
  year      = 2007,
  publisher = "Oxford University Press",
}

@article{kang2021,
   title={Prospects for Detecting Exoplanets around Double White Dwarfs with LISA and Taiji},
   volume={162},
   ISSN={1538-3881},
   url={http://dx.doi.org/10.3847/1538-3881/ac23d8},
   DOI={10.3847/1538-3881/ac23d8},
   number={6},
   journal={The Astronomical Journal},
   publisher={American Astronomical Society},
   author={Kang, Yacheng and Liu, Chang and Shao, Lijing},
   year={2021},
   month={Nov},
   pages={247} }


@article{korol2022,
   title={Observationally-driven Galactic double white dwarf population for LISA},
   ISSN={1365-2966},
   url={http://dx.doi.org/10.1093/mnras/stac415},
   DOI={10.1093/mnras/stac415},
   journal={Monthly Notices of the Royal Astronomical Society},
   publisher={Oxford University Press (OUP)},
   author={Korol, Valeriya and Hallakoun, Na’ama and Toonen, Silvia and Karnesis, Nikolaos},
   year={2022},
   month={Feb} }


@article{duchene2013,
author = {Duchêne, Gaspard and Kraus, Adam},
title = {Stellar Multiplicity},
journal = {Annual Review of Astronomy and Astrophysics},
volume = {51},
number = {1},
pages = {269-310},
year = {2013},
doi = {10.1146/annurev-astro-081710-102602},

URL = { 
        https://doi.org/10.1146/annurev-astro-081710-102602
    
},
eprint = { 
        https://doi.org/10.1146/annurev-astro-081710-102602
    
}
,
    abstract = { Stellar multiplicity is a ubiquitous outcome of the star-formation process. The frequency and main characteristics of multiple systems, and their dependence on primary mass and environment, are powerful tools to probe this process. Although early attempts were fraught with selection biases and limited completeness, instrumentation breakthroughs in the past two decades now enable robust statistical analyses. In this review, we summarize current empirical knowledge of stellar multiplicity for main sequence stars and brown dwarfs, as well as among populations of pre-main-sequence stars and embedded protostars. Among field objects, the multiplicity rate and breadth of the orbital period distribution are steep functions of the primary mass, whereas the mass ratio distribution is essentially flat for most populations other than the lowest mass objects. The time-variation of the frequency of visual companions follows two parallel, constant tracks corresponding to loose and dense stellar populations, although current observations do not yet distinguish whether initial multiplicity properties are universal or dependent on the physical conditions of the parent cloud. Nonetheless, these quantitative trends provide a rich comparison basis for numerical and analytical models of star formation. }
}




 @article{althaus2010, title={Evolutionary and pulsational properties of white dwarf stars}, volume={18}, DOI={10.1007/s00159-010-0033-1}, number={4}, journal={The Astronomy and Astrophysics Review}, author={Althaus, Leandro G. and Córsico, Alejandro H. and Isern, Jordi and García-Berro, Enrique}, year={2010}, pages={471–566}} 

@article{duncan1998,
title = {The Effects of Post-Main-Sequence Solar Mass Loss on the Stability of Our Planetary System},
journal = {Icarus},
volume = {134},
number = {2},
pages = {303-310},
year = {1998},
issn = {0019-1035},
doi = {https://doi.org/10.1006/icar.1998.5962},
url = {https://www.sciencedirect.com/science/article/pii/S0019103598959620},
author = {Martin J. Duncan and Jack J. Lissauer},
abstract = {We present the results of extensive long-term integrations of systems of planets with orbits initially identical to subsets of the planets within our Solar System, but with the Sun's mass decreased relative to the masses of the planets. For systems based on the giant planets, we find an approximate power-law correlation between the time elapsed until a pair of planetary orbits cross and the solar-to-planetary-mass ratio, provided that this ratio is ≲0.4 times its current value. However, deviations from this relationship at larger ratios suggest that this correlation may not be useful in predicting the lifetime of the current system. Detailed simulations of the evolution of planetary orbits through the solar mass loss phase at the end of the Sun's main-sequence lifetime suggest that the orbits of those terrestrial planets that survive the Sun's red giant phase are likely to remain stable for (possibly much) longer than a billion years and those of the giant planets are likely to remain stable for (possibly much) more than ten billion years. Pluto is likely to escape from its current 2:3 mean-motion resonance with Neptune within a few billion years beyond the Sun's main sequence lifetime if subject only to gravitational forces; its prognosis is likely to be even poorer when nongravitational forces are included. Implications for the effects of stellar mass loss on the stability of other planetary systems are discussed.}
}

@article{abbott2016,
  title = {Observation of Gravitational Waves from a Binary Black Hole Merger},
  author = {Abbott, B. P. and Abbott, R. and Abbott, T. D. and Abernathy, M. R. and Acernese, F. and Ackley, K. and Adams, C. and Adams, T. and Addesso, P. and Adhikari, R. X. and Adya, V. B. and Affeldt, C. and Agathos, M. and Agatsuma, K. and Aggarwal, N. and Aguiar, O. D. and Aiello, L. and Ain, A. and Ajith, P. and Allen, B. and Allocca, A. and Altin, P. A. and Anderson, S. B. and Anderson, W. G. and Arai, K. and Arain, M. A. and Araya, M. C. and Arceneaux, C. C. and Areeda, J. S. and Arnaud, N. and Arun, K. G. and Ascenzi, S. and Ashton, G. and Ast, M. and Aston, S. M. and Astone, P. and Aufmuth, P. and Aulbert, C. and Babak, S. and Bacon, P. and Bader, M. K. M. and Baker, P. T. and Baldaccini, F. and Ballardin, G. and Ballmer, S. W. and Barayoga, J. C. and Barclay, S. E. and Barish, B. C. and Barker, D. and Barone, F. and Barr, B. and Barsotti, L. and Barsuglia, M. and Barta, D. and Bartlett, J. and Barton, M. A. and Bartos, I. and Bassiri, R. and Basti, A. and Batch, J. C. and Baune, C. and Bavigadda, V. and Bazzan, M. and Behnke, B. and Bejger, M. and Belczynski, C. and Bell, A. S. and Bell, C. J. and Berger, B. K. and Bergman, J. and Bergmann, G. and Berry, C. P. L. and Bersanetti, D. and Bertolini, A. and Betzwieser, J. and Bhagwat, S. and Bhandare, R. and Bilenko, I. A. and Billingsley, G. and Birch, J. and Birney, R. and Birnholtz, O. and Biscans, S. and Bisht, A. and Bitossi, M. and Biwer, C. and Bizouard, M. A. and Blackburn, J. K. and Blair, C. D. and Blair, D. G. and Blair, R. M. and Bloemen, S. and Bock, O. and Bodiya, T. P. and Boer, M. and Bogaert, G. and Bogan, C. and Bohe, A. and Bojtos, P. and Bond, C. and Bondu, F. and Bonnand, R. and Boom, B. A. and Bork, R. and Boschi, V. and Bose, S. and Bouffanais, Y. and Bozzi, A. and Bradaschia, C. and Brady, P. R. and Braginsky, V. B. and Branchesi, M. and Brau, J. E. and Briant, T. and Brillet, A. and Brinkmann, M. and Brisson, V. and Brockill, P. and Brooks, A. F. and Brown, D. A. and Brown, D. D. and Brown, N. M. and Buchanan, C. C. and Buikema, A. and Bulik, T. and Bulten, H. J. and Buonanno, A. and Buskulic, D. and Buy, C. and Byer, R. L. and Cabero, M. and Cadonati, L. and Cagnoli, G. and Cahillane, C. and Bustillo, J. Calder\'on and Callister, T. and Calloni, E. and Camp, J. B. and Cannon, K. C. and Cao, J. and Capano, C. D. and Capocasa, E. and Carbognani, F. and Caride, S. and Diaz, J. Casanueva and Casentini, C. and Caudill, S. and Cavagli\`a, M. and Cavalier, F. and Cavalieri, R. and Cella, G. and Cepeda, C. B. and Baiardi, L. Cerboni and Cerretani, G. and Cesarini, E. and Chakraborty, R. and Chalermsongsak, T. and Chamberlin, S. J. and Chan, M. and Chao, S. and Charlton, P. and Chassande-Mottin, E. and Chen, H. Y. and Chen, Y. and Cheng, C. and Chincarini, A. and Chiummo, A. and Cho, H. S. and Cho, M. and Chow, J. H. and Christensen, N. and Chu, Q. and Chua, S. and Chung, S. and Ciani, G. and Clara, F. and Clark, J. A. and Cleva, F. and Coccia, E. and Cohadon, P.-F. and Colla, A. and Collette, C. G. and Cominsky, L. and Constancio, M. and Conte, A. and Conti, L. and Cook, D. and Corbitt, T. R. and Cornish, N. and Corsi, A. and Cortese, S. and Costa, C. A. and Coughlin, M. W. and Coughlin, S. B. and Coulon, J.-P. and Countryman, S. T. and Couvares, P. and Cowan, E. E. and Coward, D. M. and Cowart, M. J. and Coyne, D. C. and Coyne, R. and Craig, K. and Creighton, J. D. E. and Creighton, T. D. and Cripe, J. and Crowder, S. G. and Cruise, A. M. and Cumming, A. and Cunningham, L. and Cuoco, E. and Canton, T. Dal and Danilishin, S. L. and D'Antonio, S. and Danzmann, K. and Darman, N. S. and Da Silva Costa, C. F. and Dattilo, V. and Dave, I. and Daveloza, H. P. and Davier, M. and Davies, G. S. and Daw, E. J. and Day, R. and De, S. and DeBra, D. and Debreczeni, G. and Degallaix, J. and De Laurentis, M. and Del\'eglise, S. and Del Pozzo, W. and Denker, T. and Dent, T. and Dereli, H. and Dergachev, V. and DeRosa, R. T. and De Rosa, R. and DeSalvo, R. and Dhurandhar, S. and D\'{\i}az, M. C. and Di Fiore, L. and Di Giovanni, M. and Di Lieto, A. and Di Pace, S. and Di Palma, I. and Di Virgilio, A. and Dojcinoski, G. and Dolique, V. and Donovan, F. and Dooley, K. L. and Doravari, S. and Douglas, R. and Downes, T. P. and Drago, M. and Drever, R. W. P. and Driggers, J. C. and Du, Z. and Ducrot, M. and Dwyer, S. E. and Edo, T. B. and Edwards, M. C. and Effler, A. and Eggenstein, H.-B. and Ehrens, P. and Eichholz, J. and Eikenberry, S. S. and Engels, W. and Essick, R. C. and Etzel, T. and Evans, M. and Evans, T. M. and Everett, R. and Factourovich, M. and Fafone, V. and Fair, H. and Fairhurst, S. and Fan, X. and Fang, Q. and Farinon, S. and Farr, B. and Farr, W. M. and Favata, M. and Fays, M. and Fehrmann, H. and Fejer, M. M. and Feldbaum, D. and Ferrante, I. and Ferreira, E. C. and Ferrini, F. and Fidecaro, F. and Finn, L. S. and Fiori, I. and Fiorucci, D. and Fisher, R. P. and Flaminio, R. and Fletcher, M. and Fong, H. and Fournier, J.-D. and Franco, S. and Frasca, S. and Frasconi, F. and Frede, M. and Frei, Z. and Freise, A. and Frey, R. and Frey, V. and Fricke, T. T. and Fritschel, P. and Frolov, V. V. and Fulda, P. and Fyffe, M. and Gabbard, H. A. G. and Gair, J. R. and Gammaitoni, L. and Gaonkar, S. G. and Garufi, F. and Gatto, A. and Gaur, G. and Gehrels, N. and Gemme, G. and Gendre, B. and Genin, E. and Gennai, A. and George, J. and Gergely, L. and Germain, V. and Ghosh, Abhirup and Ghosh, Archisman and Ghosh, S. and Giaime, J. A. and Giardina, K. D. and Giazotto, A. and Gill, K. and Glaefke, A. and Gleason, J. R. and Goetz, E. and Goetz, R. and Gondan, L. and Gonz\'alez, G. and Castro, J. M. Gonzalez and Gopakumar, A. and Gordon, N. A. and Gorodetsky, M. L. and Gossan, S. E. and Gosselin, M. and Gouaty, R. and Graef, C. and Graff, P. B. and Granata, M. and Grant, A. and Gras, S. and Gray, C. and Greco, G. and Green, A. C. and Greenhalgh, R. J. S. and Groot, P. and Grote, H. and Grunewald, S. and Guidi, G. M. and Guo, X. and Gupta, A. and Gupta, M. K. and Gushwa, K. E. and Gustafson, E. K. and Gustafson, R. and Hacker, J. J. and Hall, B. R. and Hall, E. D. and Hammond, G. and Haney, M. and Hanke, M. M. and Hanks, J. and Hanna, C. and Hannam, M. D. and Hanson, J. and Hardwick, T. and Harms, J. and Harry, G. M. and Harry, I. W. and Hart, M. J. and Hartman, M. T. and Haster, C.-J. and Haughian, K. and Healy, J. and Heefner, J. and Heidmann, A. and Heintze, M. C. and Heinzel, G. and Heitmann, H. and Hello, P. and Hemming, G. and Hendry, M. and Heng, I. S. and Hennig, J. and Heptonstall, A. W. and Heurs, M. and Hild, S. and Hoak, D. and Hodge, K. A. and Hofman, D. and Hollitt, S. E. and Holt, K. and Holz, D. E. and Hopkins, P. and Hosken, D. J. and Hough, J. and Houston, E. A. and Howell, E. J. and Hu, Y. M. and Huang, S. and Huerta, E. A. and Huet, D. and Hughey, B. and Husa, S. and Huttner, S. H. and Huynh-Dinh, T. and Idrisy, A. and Indik, N. and Ingram, D. R. and Inta, R. and Isa, H. N. and Isac, J.-M. and Isi, M. and Islas, G. and Isogai, T. and Iyer, B. R. and Izumi, K. and Jacobson, M. B. and Jacqmin, T. and Jang, H. and Jani, K. and Jaranowski, P. and Jawahar, S. and Jim\'enez-Forteza, F. and Johnson, W. W. and Johnson-McDaniel, N. K. and Jones, D. I. and Jones, R. and Jonker, R. J. G. and Ju, L. and Haris, K. and Kalaghatgi, C. V. and Kalogera, V. and Kandhasamy, S. and Kang, G. and Kanner, J. B. and Karki, S. and Kasprzack, M. and Katsavounidis, E. and Katzman, W. and Kaufer, S. and Kaur, T. and Kawabe, K. and Kawazoe, F. and K\'ef\'elian, F. and Kehl, M. S. and Keitel, D. and Kelley, D. B. and Kells, W. and Kennedy, R. and Keppel, D. G. and Key, J. S. and Khalaidovski, A. and Khalili, F. Y. and Khan, I. and Khan, S. and Khan, Z. and Khazanov, E. A. and Kijbunchoo, N. and Kim, C. and Kim, J. and Kim, K. and Kim, Nam-Gyu and Kim, Namjun and Kim, Y.-M. and King, E. J. and King, P. J. and Kinzel, D. L. and Kissel, J. S. and Kleybolte, L. and Klimenko, S. and Koehlenbeck, S. M. and Kokeyama, K. and Koley, S. and Kondrashov, V. and Kontos, A. and Koranda, S. and Korobko, M. and Korth, W. Z. and Kowalska, I. and Kozak, D. B. and Kringel, V. and Krishnan, B. and Kr\'olak, A. and Krueger, C. and Kuehn, G. and Kumar, P. and Kumar, R. and Kuo, L. and Kutynia, A. and Kwee, P. and Lackey, B. D. and Landry, M. and Lange, J. and Lantz, B. and Lasky, P. D. and Lazzarini, A. and Lazzaro, C. and Leaci, P. and Leavey, S. and Lebigot, E. O. and Lee, C. H. and Lee, H. K. and Lee, H. M. and Lee, K. and Lenon, A. and Leonardi, M. and Leong, J. R. and Leroy, N. and Letendre, N. and Levin, Y. and Levine, B. M. and Li, T. G. F. and Libson, A. and Littenberg, T. B. and Lockerbie, N. A. and Logue, J. and Lombardi, A. L. and London, L. T. and Lord, J. E. and Lorenzini, M. and Loriette, V. and Lormand, M. and Losurdo, G. and Lough, J. D. and Lousto, C. O. and Lovelace, G. and L\"uck, H. and Lundgren, A. P. and Luo, J. and Lynch, R. and Ma, Y. and MacDonald, T. and Machenschalk, B. and MacInnis, M. and Macleod, D. M. and Maga\~na-Sandoval, F. and Magee, R. M. and Mageswaran, M. and Majorana, E. and Maksimovic, I. and Malvezzi, V. and Man, N. and Mandel, I. and Mandic, V. and Mangano, V. and Mansell, G. L. and Manske, M. and Mantovani, M. and Marchesoni, F. and Marion, F. and M\'arka, S. and M\'arka, Z. and Markosyan, A. S. and Maros, E. and Martelli, F. and Martellini, L. and Martin, I. W. and Martin, R. M. and Martynov, D. V. and Marx, J. N. and Mason, K. and Masserot, A. and Massinger, T. J. and Masso-Reid, M. and Matichard, F. and Matone, L. and Mavalvala, N. and Mazumder, N. and Mazzolo, G. and McCarthy, R. and McClelland, D. E. and McCormick, S. and McGuire, S. C. and McIntyre, G. and McIver, J. and McManus, D. J. and McWilliams, S. T. and Meacher, D. and Meadors, G. D. and Meidam, J. and Melatos, A. and Mendell, G. and Mendoza-Gandara, D. and Mercer, R. A. and Merilh, E. and Merzougui, M. and Meshkov, S. and Messenger, C. and Messick, C. and Meyers, P. M. and Mezzani, F. and Miao, H. and Michel, C. and Middleton, H. and Mikhailov, E. E. and Milano, L. and Miller, J. and Millhouse, M. and Minenkov, Y. and Ming, J. and Mirshekari, S. and Mishra, C. and Mitra, S. and Mitrofanov, V. P. and Mitselmakher, G. and Mittleman, R. and Moggi, A. and Mohan, M. and Mohapatra, S. R. P. and Montani, M. and Moore, B. C. and Moore, C. J. and Moraru, D. and Moreno, G. and Morriss, S. R. and Mossavi, K. and Mours, B. and Mow-Lowry, C. M. and Mueller, C. L. and Mueller, G. and Muir, A. W. and Mukherjee, Arunava and Mukherjee, D. and Mukherjee, S. and Mukund, N. and Mullavey, A. and Munch, J. and Murphy, D. J. and Murray, P. G. and Mytidis, A. and Nardecchia, I. and Naticchioni, L. and Nayak, R. K. and Necula, V. and Nedkova, K. and Nelemans, G. and Neri, M. and Neunzert, A. and Newton, G. and Nguyen, T. T. and Nielsen, A. B. and Nissanke, S. and Nitz, A. and Nocera, F. and Nolting, D. and Normandin, M. E. N. and Nuttall, L. K. and Oberling, J. and Ochsner, E. and O'Dell, J. and Oelker, E. and Ogin, G. H. and Oh, J. J. and Oh, S. H. and Ohme, F. and Oliver, M. and Oppermann, P. and Oram, Richard J. and O'Reilly, B. and O'Shaughnessy, R. and Ott, C. D. and Ottaway, D. J. and Ottens, R. S. and Overmier, H. and Owen, B. J. and Pai, A. and Pai, S. A. and Palamos, J. R. and Palashov, O. and Palomba, C. and Pal-Singh, A. and Pan, H. and Pan, Y. and Pankow, C. and Pannarale, F. and Pant, B. C. and Paoletti, F. and Paoli, A. and Papa, M. A. and Paris, H. R. and Parker, W. and Pascucci, D. and Pasqualetti, A. and Passaquieti, R. and Passuello, D. and Patricelli, B. and Patrick, Z. and Pearlstone, B. L. and Pedraza, M. and Pedurand, R. and Pekowsky, L. and Pele, A. and Penn, S. and Perreca, A. and Pfeiffer, H. P. and Phelps, M. and Piccinni, O. and Pichot, M. and Pickenpack, M. and Piergiovanni, F. and Pierro, V. and Pillant, G. and Pinard, L. and Pinto, I. M. and Pitkin, M. and Poeld, J. H. and Poggiani, R. and Popolizio, P. and Post, A. and Powell, J. and Prasad, J. and Predoi, V. and Premachandra, S. S. and Prestegard, T. and Price, L. R. and Prijatelj, M. and Principe, M. and Privitera, S. and Prix, R. and Prodi, G. A. and Prokhorov, L. and Puncken, O. and Punturo, M. and Puppo, P. and P\"urrer, M. and Qi, H. and Qin, J. and Quetschke, V. and Quintero, E. A. and Quitzow-James, R. and Raab, F. J. and Rabeling, D. S. and Radkins, H. and Raffai, P. and Raja, S. and Rakhmanov, M. and Ramet, C. R. and Rapagnani, P. and Raymond, V. and Razzano, M. and Re, V. and Read, J. and Reed, C. M. and Regimbau, T. and Rei, L. and Reid, S. and Reitze, D. H. and Rew, H. and Reyes, S. D. and Ricci, F. and Riles, K. and Robertson, N. A. and Robie, R. and Robinet, F. and Rocchi, A. and Rolland, L. and Rollins, J. G. and Roma, V. J. and Romano, J. D. and Romano, R. and Romanov, G. and Romie, J. H. and Rosi\ifmmode \acute{n}\else \'{n}\fi{}ska, D. and Rowan, S. and R\"udiger, A. and Ruggi, P. and Ryan, K. and Sachdev, S. and Sadecki, T. and Sadeghian, L. and Salconi, L. and Saleem, M. and Salemi, F. and Samajdar, A. and Sammut, L. and Sampson, L. M. and Sanchez, E. J. and Sandberg, V. and Sandeen, B. and Sanders, G. H. and Sanders, J. R. and Sassolas, B. and Sathyaprakash, B. S. and Saulson, P. R. and Sauter, O. and Savage, R. L. and Sawadsky, A. and Schale, P. and Schilling, R. and Schmidt, J. and Schmidt, P. and Schnabel, R. and Schofield, R. M. S. and Sch\"onbeck, A. and Schreiber, E. and Schuette, D. and Schutz, B. F. and Scott, J. and Scott, S. M. and Sellers, D. and Sengupta, A. S. and Sentenac, D. and Sequino, V. and Sergeev, A. and Serna, G. and Setyawati, Y. and Sevigny, A. and Shaddock, D. A. and Shaffer, T. and Shah, S. and Shahriar, M. S. and Shaltev, M. and Shao, Z. and Shapiro, B. and Shawhan, P. and Sheperd, A. and Shoemaker, D. H. and Shoemaker, D. M. and Siellez, K. and Siemens, X. and Sigg, D. and Silva, A. D. and Simakov, D. and Singer, A. and Singer, L. P. and Singh, A. and Singh, R. and Singhal, A. and Sintes, A. M. and Slagmolen, B. J. J. and Smith, J. R. and Smith, M. R. and Smith, N. D. and Smith, R. J. E. and Son, E. J. and Sorazu, B. and Sorrentino, F. and Souradeep, T. and Srivastava, A. K. and Staley, A. and Steinke, M. and Steinlechner, J. and Steinlechner, S. and Steinmeyer, D. and Stephens, B. C. and Stevenson, S. P. and Stone, R. and Strain, K. A. and Straniero, N. and Stratta, G. and Strauss, N. A. and Strigin, S. and Sturani, R. and Stuver, A. L. and Summerscales, T. Z. and Sun, L. and Sutton, P. J. and Swinkels, B. L. and Szczepa\ifmmode \acute{n}\else \'{n}\fi{}czyk, M. J. and Tacca, M. and Talukder, D. and Tanner, D. B. and T\'apai, M. and Tarabrin, S. P. and Taracchini, A. and Taylor, R. and Theeg, T. and Thirugnanasambandam, M. P. and Thomas, E. G. and Thomas, M. and Thomas, P. and Thorne, K. A. and Thorne, K. S. and Thrane, E. and Tiwari, S. and Tiwari, V. and Tokmakov, K. V. and Tomlinson, C. and Tonelli, M. and Torres, C. V. and Torrie, C. I. and T\"oyr\"a, D. and Travasso, F. and Traylor, G. and Trifir\`o, D. and Tringali, M. C. and Trozzo, L. and Tse, M. and Turconi, M. and Tuyenbayev, D. and Ugolini, D. and Unnikrishnan, C. S. and Urban, A. L. and Usman, S. A. and Vahlbruch, H. and Vajente, G. and Valdes, G. and Vallisneri, M. and van Bakel, N. and van Beuzekom, M. and van den Brand, J. F. J. and Van Den Broeck, C. and Vander-Hyde, D. C. and van der Schaaf, L. and van Heijningen, J. V. and van Veggel, A. A. and Vardaro, M. and Vass, S. and Vas\'uth, M. and Vaulin, R. and Vecchio, A. and Vedovato, G. and Veitch, J. and Veitch, P. J. and Venkateswara, K. and Verkindt, D. and Vetrano, F. and Vicer\'e, A. and Vinciguerra, S. and Vine, D. J. and Vinet, J.-Y. and Vitale, S. and Vo, T. and Vocca, H. and Vorvick, C. and Voss, D. and Vousden, W. D. and Vyatchanin, S. P. and Wade, A. R. and Wade, L. E. and Wade, M. and Waldman, S. J. and Walker, M. and Wallace, L. and Walsh, S. and Wang, G. and Wang, H. and Wang, M. and Wang, X. and Wang, Y. and Ward, H. and Ward, R. L. and Warner, J. and Was, M. and Weaver, B. and Wei, L.-W. and Weinert, M. and Weinstein, A. J. and Weiss, R. and Welborn, T. and Wen, L. and We\ss{}els, P. and Westphal, T. and Wette, K. and Whelan, J. T. and Whitcomb, S. E. and White, D. J. and Whiting, B. F. and Wiesner, K. and Wilkinson, C. and Willems, P. A. and Williams, L. and Williams, R. D. and Williamson, A. R. and Willis, J. L. and Willke, B. and Wimmer, M. H. and Winkelmann, L. and Winkler, W. and Wipf, C. C. and Wiseman, A. G. and Wittel, H. and Woan, G. and Worden, J. and Wright, J. L. and Wu, G. and Yablon, J. and Yakushin, I. and Yam, W. and Yamamoto, H. and Yancey, C. C. and Yap, M. J. and Yu, H. and Yvert, M. and Zadro\ifmmode \dot{z}\else \.{z}\fi{}ny, A. and Zangrando, L. and Zanolin, M. and Zendri, J.-P. and Zevin, M. and Zhang, F. and Zhang, L. and Zhang, M. and Zhang, Y. and Zhao, C. and Zhou, M. and Zhou, Z. and Zhu, X. J. and Zucker, M. E. and Zuraw, S. E. and Zweizig, J.},
  collaboration = {LIGO Scientific Collaboration and Virgo Collaboration},
  journal = {Phys. Rev. Lett.},
  volume = {116},
  issue = {6},
  pages = {061102},
  numpages = {16},
  year = {2016},
  month = {Feb},
  publisher = {American Physical Society},
  doi = {10.1103/PhysRevLett.116.061102},
  url = {https://link.aps.org/doi/10.1103/PhysRevLett.116.061102}
}


 @MISC{Exo_NASA, title={Exoplanet exploration: Planets beyond our solar system},       
        url={https://exoplanets.nasa.gov/}, 
        journal={NASA}, 
        publisher={NASA}, 
        author={Brennan, Pat}, editor={ Walbolt, KristenEditor}, 
        year={2015}, month={Dec}} 

@ARTICLE{whitepaper4,
       title="{Outer Solar System Exploration: A Compelling and Unified Dual Mission Decadal Strategy for Exploring Uranus, Neptune, Triton, Dwarf Planets, and Small KBOs and Centaurs}", 
      author={Amy A. Simon and S. Alan Stern and Mark Hofstadter},
     keywords = {Uranus, Neptune, Mission concept, Robotic exploration, Atmospheric probe},
         year = {2020},
         journal = {arXiv e-prints},
         url = {https://arxiv.org/pdf/1807.08769.pdf}
}

@ARTICLE{simon2020,
       author = {{Simon}, A.~A. and {Fletcher}, L.~N. and {Arridge}, C. and
         {Atkinson}, D. and {Coustenis}, A. and {Ferri}, F. and
         {Hofstadter}, M. and {Masters}, A. and {Mousis}, O. and {Reh}, K. and
         {Turrini}, D. and {Witasse}, O.},
        title = "{A Review of the in Situ Probe Designs from Recent Ice Giant Mission Concept Studies}",
      journal = {\ssr},
     keywords = {Uranus, Neptune, Mission concept, Robotic exploration, Atmospheric probe},
         year = 2020,
        month = feb,
       volume = {216},
       number = {1},
          eid = {17},
        pages = {17},
          doi = {10.1007/s11214-020-0639-1},
       adsurl = {https://ui.adsabs.harvard.edu/abs/2020SSRv..216...17S},
      adsnote = {Provided by the SAO/NASA Astrophysics Data System}
}

@ARTICLE{helled,
       author = {{Helled}, Ravit and {Fortney}, Jonathan J.},
        title = "{The Interiors of Uranus and Neptune: Current Understanding and Open Questions}",
      journal = {arXiv e-prints},
     keywords = {Astrophysics - Earth and Planetary Astrophysics},
         year = 2020,
        month = jul,
          eid = {arXiv:2007.10783},
        pages = {arXiv:2007.10783},
archivePrefix = {arXiv},
       eprint = {2007.10783},
 primaryClass = {astro-ph.EP},
       adsurl = {https://ui.adsabs.harvard.edu/abs/2020arXiv200710783H},
      adsnote = {Provided by the SAO/NASA Astrophysics Data System}
}

@ARTICLE{armstrong,
       author = {{Armstrong}, John W.},
        title = "{Low-Frequency Gravitational Wave Searches Using Spacecraft Doppler Tracking}",
      journal = {Living Reviews in Relativity},
     keywords = {Gravitational Waves, Cassini, Doppler stability, Doppler tracking, frequency stability, gravitational wave detectors, radio},
         year = 2006,
        month = jan,
       volume = {9},
       number = {1},
          eid = {1},
        pages = {1},
          doi = {10.12942/lrr-2006-1},
       adsurl = {https://ui.adsabs.harvard.edu/abs/2006LRR.....9....1A},
      adsnote = {Provided by the SAO/NASA Astrophysics Data System}
}

@ARTICLE{cassini92,
       author = {{Comoretto}, G. and {Bertotti}, B. and {Iess}, L. and {Ambrosini}, R.},
        title = "{Doppler experiments with Cassini radio system.}",
      journal = {Nuovo Cimento C Geophysics Space Physics C},
     keywords = {Cassini Mission, Doppler Radar, Radar Tracking, Radio Communication, Space Exploration, Electromagnetic Noise, Errors, Gravitational Waves, Saturn (Planet), Scintillation, Space Communications, Spacecraft Communications, Command and Tracking},
         year = 1992,
        month = dec,
       volume = {15},
       number = {6},
        pages = {1193-1198},
          doi = {10.1007/BF02506712},
       adsurl = {https://ui.adsabs.harvard.edu/abs/1992NCimC..15.1193C},
      adsnote = {Provided by the SAO/NASA Astrophysics Data System}
}




@ARTICLE{astroquery,
   author = {{Ginsburg}, A. and {Sip{\H o}cz}, B.~M. and {Brasseur}, C.~E. and
	{Cowperthwaite}, P.~S. and {Craig}, M.~W. and {Deil}, C. and
	{Guillochon}, J. and {Guzman}, G. and {Liedtke}, S. and {Lian Lim}, P. and
	{Lockhart}, K.~E. and {Mommert}, M. and {Morris}, B.~M. and
	{Norman}, H. and {Parikh}, M. and {Persson}, M.~V. and {Robitaille}, T.~P. and
	{Segovia}, J.-C. and {Singer}, L.~P. and {Tollerud}, E.~J. and
	{de Val-Borro}, M. and {Valtchanov}, I. and {Woillez}, J. and
	{The Astroquery collaboration} and {a subset of the astropy collaboration}
	},
    title = "{astroquery: An Astronomical Web-querying Package in Python}",
  journal = {\aj},
archivePrefix = "arXiv",
   eprint = {1901.04520},
 primaryClass = "astro-ph.IM",
 keywords = {astronomical databases: miscellaneous, virtual observatory tools},
     year = 2019,
    month = mar,
   volume = 157,
      eid = {98},
    pages = {98},
      doi = {10.3847/1538-3881/aafc33},
   adsurl = {http://adsabs.harvard.edu/abs/2019AJ....157...98G},
  adsnote = {Provided by the SAO/NASA Astrophysics Data System}
}

@ARTICLE{ulysses,
       author = {{Bertotti}, B. and {Ambrosini}, R. and {Asmar}, S.~W. and
         {Brenkle}, J.~P. and {Comoretto}, G. and {Giampieri}, G. and
         {Less}, L. and {Messeri}, A. and {Wahlquist}, H.~D.},
        title = "{The gravitational wave experiment}",
      journal = {\aaps},
     keywords = {Gravitational Waves, Interplanetary Medium, Solar Wind, Space Plasmas, Ulysses Mission, Deep Space, Energy Distribution, Relativistic Theory, Space Sciences (General)},
         year = 1992,
        month = jan,
       volume = {92},
       number = {2},
        pages = {431-440},
       adsurl = {https://ui.adsabs.harvard.edu/abs/1992A&AS...92..431B},
      adsnote = {Provided by the SAO/NASA Astrophysics Data System}
}

@INPROCEEDINGS{threeway,
       author = {{Armstrong}, J.~W. and {Bertotti}, B. and {Estabrook}, F.~B. and
         {Iess}, L. and {Wahlquist}, H.~D.},
        title = "{The Galileo/Mars Observer/Ulysses Coincidence Experiment}",
    booktitle = {Second Edoardo Amaldi Conference on Gravitational Wave Experiments},
         year = 1998,
       editor = {{Coccia}, E. and {Veneziano}, G. and {Pizzella}, G.},
        month = jan,
        pages = {159},
       adsurl = {https://ui.adsabs.harvard.edu/abs/1998grwa.conf..159A},
      adsnote = {Provided by the SAO/NASA Astrophysics Data System}
}




@ARTICLE{noise,
       author = {{Tinto}, Massimo},
        title = "{The Cassini Ka-band gravitational wave experiments}",
      journal = {Classical and Quantum Gravity},
         year = 2002,
        month = apr,
       volume = {19},
       number = {7},
        pages = {1767-1773},
          doi = {10.1088/0264-9381/19/7/373},
       adsurl = {https://ui.adsabs.harvard.edu/abs/2002CQGra..19.1767T},
      adsnote = {Provided by the SAO/NASA Astrophysics Data System}
}


@ARTICLE{pioneer11,
       author = {{Armstrong}, J.~W. and {Estabrook}, F.~B. and {Wahlquist}, H.~D.},
        title = "{A Search for Sinusoidal Gravitational Radiation in the Period Range 30--2000 Seconds}",
      journal = {\apj},
     keywords = {Doppler Effect, Gravitational Waves, Radar Tracking, Sine Waves, Spacecraft Tracking, Pioneer 2 Space Probe, Power Spectra, Signal Processing, Astrophysics, GRAVITATION, RELATIVITY},
         year = 1987,
        month = jul,
       volume = {318},
        pages = {536},
          doi = {10.1086/165390},
       adsurl = {https://ui.adsabs.harvard.edu/abs/1987ApJ...318..536A},
      adsnote = {Provided by the SAO/NASA Astrophysics Data System}
}


@ARTICLE{background,
       author = {{Bertotti}, B. and {Carr}, B.~J.},
        title = "{The prospects of detecting gravitational background radiation by Doppler tracking interplanetary spacecraft}",
      journal = {\apj},
     keywords = {Background Radiation, Continuous Radiation, Gravitational Waves, Radar Astronomy, Solar System, Spacecraft Tracking, Doppler Radar, Electromagnetic Wave Transmission, Interplanetary Spacecraft, Low Frequencies, Noise Spectra, Radar Tracking, Astrophysics},
         year = 1980,
        month = mar,
       volume = {236},
        pages = {1000-1011},
          doi = {10.1086/157826},
       adsurl = {https://ui.adsabs.harvard.edu/abs/1980ApJ...236.1000B},
      adsnote = {Provided by the SAO/NASA Astrophysics Data System}
}

@ARTICLE{original,
       author = {{Estabrook}, F.~B. and {Wahlquist}, H.~D.},
        title = "{Response of Doppler spacecraft tracking to gravitational radiation.}",
      journal = {General Relativity and Gravitation},
     keywords = {Doppler Effect, Electromagnetic Wave Transmission, Gravitational Waves, Relativistic Effects, Spacecraft Tracking, Frequency Shift, Plane Waves, Signal Reflection, Spectral Signatures, Astrophysics},
         year = 1975,
        month = oct,
       volume = {6},
       number = {5},
        pages = {439-447},
          doi = {10.1007/BF00762449},
       adsurl = {https://ui.adsabs.harvard.edu/abs/1975GReGr...6..439E},
      adsnote = {Provided by the SAO/NASA Astrophysics Data System}
}

@ARTICLE{psi,
       author = {{Wahlquist}, Hugo},
        title = "{The Doppler response to gravitational waves from a binary star source.}",
      journal = {General Relativity and Gravitation},
     keywords = {Binary Stars, Doppler Effect, Gravitational Waves, Black Holes (Astronomy), Signal Detection, Space Communication, Spacecraft Communication, Astrophysics, Close Binaries:Gravitational Radiation, Gravitational Radiation:Close Binaries, Gravitational Radiation:Detection},
         year = 1987,
        month = nov,
       volume = {19},
       number = {11},
        pages = {1101-1113},
          doi = {10.1007/BF00759146},
       adsurl = {https://ui.adsabs.harvard.edu/abs/1987GReGr..19.1101W},
      adsnote = {Provided by the SAO/NASA Astrophysics Data System}
}

@ARTICLE{dahl,
       author = {{Dahl}, Emma K. and {Brueshaber}, Shawn and {Cosentino}, Richard and
         {Palotai}, Csaba and {Rowe-Gurney}, Naomi and {Sankar}, Ramanakumar and
         {Sayanagi}, Kunio and {Aslam}, Shahid and {Baines}, Kevin and
         {Barth}, Erika and {Chanover}, Nancy J. and {Fletcher}, Leigh N. and
         {Guerlet}, Sandrine and {Hammel}, Heidi and {Hofstadter}, Mark and
         {Hyder}, Ali and {Leonard}, Erin and {Livengood}, Timothy A. and
         {Momary}, Tom and {Orton}, Glenn and {de Pater}, Imke and
         {Retherford}, Kurt and {Sinclair}, James and {Soderlund}, Krista and
         {Spilker}, Linda and {Sromovsky}, Larry and {Wong}, Michael H.},
        title = "{Ice Giant Atmospheric Science}",
      journal = {arXiv e-prints},
     keywords = {Astrophysics - Instrumentation and Methods for Astrophysics, Astrophysics - Earth and Planetary Astrophysics},
         year = 2020,
        month = oct,
          eid = {arXiv:2010.08617},
        pages = {arXiv:2010.08617},
archivePrefix = {arXiv},
       eprint = {2010.08617},
 primaryClass = {astro-ph.IM},
       adsurl = {https://ui.adsabs.harvard.edu/abs/2020arXiv201008617D},
      adsnote = {Provided by the SAO/NASA Astrophysics Data System}
}
@ARTICLE{moore,
       author = {{Moore}, C.~J. and {Cole}, R.~H. and {Berry}, C.~P.~L.},
        title = "{Gravitational-wave sensitivity curves}",
      journal = {Classical and Quantum Gravity},
     keywords = {General Relativity and Quantum Cosmology, Astrophysics - High Energy Astrophysical Phenomena},
         year = 2015,
        month = jan,
       volume = {32},
       number = {1},
          eid = {015014},
        pages = {015014},
          doi = {10.1088/0264-9381/32/1/015014},
archivePrefix = {arXiv},
       eprint = {1408.0740},
 primaryClass = {gr-qc},
       adsurl = {https://ui.adsabs.harvard.edu/abs/2015CQGra..32a5014M},
      adsnote = {Provided by the SAO/NASA Astrophysics Data System}
}
@ARTICLE{godtierpaper,
       author = {{Bertotti}, Bruno and {Vecchio}, Alberto and {Iess}, Luciano},
        title = "{Gravitational waves from coalescing binaries and Doppler experiments}",
      journal = {\prd},
     keywords = {04.80.Nn, 97.60.Lf, 98.62.Js, Gravitational wave detectors and experiments, Black holes, Galactic nuclei circumnuclear matter and bulges, General Relativity and Quantum Cosmology},
         year = 1999,
        month = apr,
       volume = {59},
       number = {8},
          eid = {082001},
        pages = {082001},
          doi = {10.1103/PhysRevD.59.082001},
archivePrefix = {arXiv},
       eprint = {gr-qc/9806021},
 primaryClass = {gr-qc},
       adsurl = {https://ui.adsabs.harvard.edu/abs/1999PhRvD..59h2001B},
      adsnote = {Provided by the SAO/NASA Astrophysics Data System}
}

 @misc{X_ray_binary, title={M51-ULS-1B: The first candidate for a planet in an external galaxy}, url={https://doi.org/10.48550/arXiv.2009.08987}, journal={arXiv.org}, author={Di Stefano, R. and Berndtsson, Julia and Urquhart, Ryan and Soria, Roberto and Kashyap, Vinay L. and Carmichael, Theron W. and Imara, Nia}, year={2020}, month={Sep}} 

@ARTICLE{ulysses,
       author = {{Bertotti}, B. and {Ambrosini}, R. and {Armstrong}, J.~W. and
         {Asmar}, S.~W. and {Comoretto}, G. and {Giampieri}, G. and {Iess}, L. and
         {Koyama}, Y. and {Messeri}, A. and {Vecchio}, A. and {Wahlquist}, H.~D.},
        title = "{Search for gravitational wave trains with the spacecraft ULYSSES.}",
      journal = {\aap},
     keywords = {GRAVITATION, GALAXIES: NUCLEI},
         year = 1995,
        month = apr,
       volume = {296},
        pages = {13},
       adsurl = {https://ui.adsabs.harvard.edu/abs/1995A&A...296...13B},
      adsnote = {Provided by the SAO/NASA Astrophysics Data System}
}


@ARTICLE{kollmann,
       author = {{Kollmann}, P. and {Cohen}, I. and {Allen}, R.~C. and {Clark}, G. and {Roussos}, E. and {Vines}, S. and {Dietrich}, W. and {Wicht}, J. and {de Pater}, I. and {Runyon}, K.~D. and {Cartwright}, R. and {Masters}, A. and {Brain}, D. and {Hibbits}, K. and {Mauk}, B. and {Gkioulidou}, M. and {Rymer}, A. and {McNutt}, R. and {Hue}, V. and {Stanley}, S. and {Brandt}, P.},
        title = "{Magnetospheric Studies: A Requirement for Addressing Interdisciplinary Mysteries in the Ice Giant Systems}",
      journal = {\ssr},
     keywords = {Uranus, Neptune, Ice Giant, Future missions, Magnetosphere, Space plasma, Radiation belts, Atmospheric escape, Planetary rings, Habitability, Planetary dynamo},
         year = 2020,
        month = jun,
       volume = {216},
       number = {5},
          eid = {78},
        pages = {78},
          doi = {10.1007/s11214-020-00696-5},
       adsurl = {https://ui.adsabs.harvard.edu/abs/2020SSRv..216...78K},
      adsnote = {Provided by the SAO/NASA Astrophysics Data System}
}

@ARTICLE{abigail,
       author = {{Rymer}, Abigail and {Mandt}, Kathleen and {Hurley}, Dana and {Lisse}, Carey and {Izenberg}, Noam and {Smith}, H. Todd and {Westlake}, Joseph and {Bunce}, Emma and {Arridge}, Christopher and {Masters}, Adam and {Hofstadter}, Mark and {Simon}, Amy and {Brandt}, Pontus and {Clark}, George and {Cohen}, Ian and {Allen}, Robert and {Vine}, Sarah and {Hansen}, Kenneth and {Hospodarsky}, George and {Kurth}, William and {Romani}, Paul and {Lamy}, Laurent and {Zarka}, Philippe and {Cao}, Hao and {Paty}, Carol and {Hedman}, Matthew and {Roussos}, Elias and {Cruikshank}, Dale and {Farrell}, William and {Fieseler}, Paul and {Coates}, Andrew and {Yelle}, Roger and {Parkinson}, Christopher and {Militzer}, Burkhard and {Grodent}, Denis and {Kollmann}, Peter and {McNutt}, Ralph and {Andr{\'e}}, Nicolas and {Strange}, Nathan and {Barnes}, Jason and {Dones}, Luke and {Denk}, Tilmann and {Rathbun}, Julie and {Lunine}, Jonathan and {Desai}, Ravi and {Cochrane}, Corey and {Sayanagi}, Kunio M. and {Postberg}, Frank and {Ebert2}, Robert and {Hill}, Thomas and {Mueller-Wodarg}, Ingo and {Regoli}, Leonardo and {Pontius}, Duane and {Stanley}, Sabine and {Greathouse}, Thomas and {Saur}, Joachim and {Marouf}, Essam and {Bergman}, Jan and {Higgins}, Chuck and {Johnson}, Robert and {Thomsen}, Michelle and {Soderlund}, Krista and {Jia}, Xianzhe and {Wilson}, Robert and {Englander}, Jacob and {Burch}, Jim and {Nordheim}, Tom and {Grava}, Cesare and {Baines}, Kevin and {Quick}, Lynnae and {Russell}, Christopher and {Cravens}, Thomas and {Cecconi}, Baptiste and {Aslam}, Shahid and {Bray}, Veronica and {Garcia-Sage}, Katherine and {Richardson}, John and {Clark}, John and {Hsu}, Sean and {Achterberg}, Richard and {Sergis}, Nick and {Paganelli}, Flora and {Kempf}, Sasha and {Orton}, Glenn and {Portyankina}, Ganna and {Jones}, Geraint and {Economou}, Thanasis and {Livengood}, Timothy and {Krimigis}, Stamatios and {Szalay}, James and {Jackman}, Catriona and {Valek}, Phillip and {Lecacheux}, Alain and {Colwell}, Joshua and {Jasinski}, Jamie and {Tosi}, Federico and {Sulaiman}, Ali and {Galand}, Marina and {Kotova}, Anna and {Khurana}, Krishan and {Kivelson}, Margaret and {Strobel}, Darrell and {Radiota}, Aikaterina and {Estrada}, Paul and {Livi}, Stefano and {Azari}, Abigail and {Yates}, Japheth and {Allegrini}, Frederic and {Vogt}, Marissa and {Felici}, Marianna and {Luhmann}, Janet and {Filacchione}, Gianrico and {Moore}, Luke},
        title = "{Solar System Ice Giants: Exoplanets in our Backyard.}",
      journal = {\baas},
     keywords = {Astrophysics - Earth and Planetary Astrophysics},
         year = 2019,
        month = may,
       volume = {51},
       number = {3},
          eid = {176},
        pages = {176},
archivePrefix = {arXiv},
       eprint = {1804.03573},
 primaryClass = {astro-ph.EP},
       adsurl = {https://ui.adsabs.harvard.edu/abs/2019BAAS...51c.176R},
      adsnote = {Provided by the SAO/NASA Astrophysics Data System}
}

@article{soderlund,
author = {Soderlund, K. M. and Stanley, S.},
title = {The Underexplored Frontier of Ice Giant Dynamos},
journal = {Earth and Space Science Open Archive},
pages = {17},
year = {2020},
DOI = {10.1002/essoar.10503671.1},
url = {https://doi.org/10.1002/essoar.10503671.1},
abstract = {The Voyager 2 flybys of Uranus and Neptune revealed the first multipolar planetary magnetic fields and highlighted how much we have yet to learn about ice giant planets. In this review, we summarize observations of Uranus’ and Neptune’s magnetic fields and place them in context of other planetary dynamos. The ingredients for dynamo action in general and for the ice giants in particular are discussed, as are the factors thought to control magnetic field strength and morphology. These ideas are then applied to Uranus and Neptune, where we show that no models are yet able to fully explain their dynamos. We then propose future directions for missions, modeling, experiments, and theory necessary to answer outstanding questions about the dynamos of ice giant planets, both within our solar system and beyond.}
}

@ARTICLE{triang,
       author = {{Fairhurst}, Stephen},
        title = "{Triangulation of gravitational wave sources with a network of detectors}",
      journal = {New Journal of Physics},
     keywords = {General Relativity and Quantum Cosmology, Astrophysics - Cosmology and Extragalactic Astrophysics},
         year = 2009,
        month = dec,
       volume = {11},
       number = {12},
          eid = {123006},
        pages = {123006},
          doi = {10.1088/1367-2630/11/12/123006},
archivePrefix = {arXiv},
       eprint = {0908.2356},
 primaryClass = {gr-qc},
       adsurl = {https://ui.adsabs.harvard.edu/abs/2009NJPh...11l3006F},
      adsnote = {Provided by the SAO/NASA Astrophysics Data System}
}



@ARTICLE{arms2,
       author = {{Armstrong}, J.~W. and {Iess}, L. and {Tortora}, P. and {Bertotti}, B.},
        title = "{Stochastic Gravitational Wave Background: Upper Limits in the 10$^{-6}$ to 10$^{-3}$ Hz Band}",
      journal = {\apj},
     keywords = {Cosmology: Observations, Gravitational Waves, Relativity},
         year = 2003,
        month = dec,
       volume = {599},
       number = {2},
        pages = {806-813},
          doi = {10.1086/379505},
       adsurl = {https://ui.adsabs.harvard.edu/abs/2003ApJ...599..806A},
      adsnote = {Provided by the SAO/NASA Astrophysics Data System}
}



@ARTICLE{plasma,
       author = {{Molera Calv{\'e}s}, G. and {Pogrebenko}, S.~V. and {Cim{\`o}}, G. and {Duev}, D.~A. and {Bocanegra-Baham{\'o}n}, T.~M. and {Wagner}, J.~F. and {Kallunki}, J. and {de Vicente}, P. and {Kronschnabl}, G. and {Haas}, R. and {Quick}, J. and {Maccaferri}, G. and {Colucci}, G. and {Wang}, W.~H. and {Yang}, W.~J. and {Hao}, L.~F.},
        title = "{Observations and analysis of phase scintillation of spacecraft signal on the interplanetary plasma}",
      journal = {\aap},
     keywords = {scattering, plasmas, interplanetary medium, Sun: heliosphere, techniques: interferometric, astrometry, Astrophysics - Earth and Planetary Astrophysics, Astrophysics - Instrumentation and Methods for Astrophysics},
         year = 2014,
        month = apr,
       volume = {564},
          eid = {A4},
        pages = {A4},
          doi = {10.1051/0004-6361/201322925},
archivePrefix = {arXiv},
       eprint = {1403.2414},
 primaryClass = {astro-ph.EP},
       adsurl = {https://ui.adsabs.harvard.edu/abs/2014A&A...564A...4M},
      adsnote = {Provided by the SAO/NASA Astrophysics Data System}
}




@ARTICLE{orbito,
       author = {{Dix-Matthews}, Benjamin P. and {Schediwy}, Sascha W. and {Gozzard}, David R. and {Driver}, Simon and {Schreiber}, Karl Ulrich and {Carman}, Randall and {Tobar}, Michael},
        title = "{Methods for coherent optical Doppler orbitography}",
      journal = {Journal of Geodesy},
     keywords = {Doppler orbitography, Free-space coherent optical link, Satellites, Phase stabilisation, Frequency transfer, Atmospheric turbulence, Optical transmission, Astrophysics - Instrumentation and Methods for Astrophysics, Physics - Instrumentation and Detectors, Physics - Optics},
         year = 2020,
        month = jun,
       volume = {94},
       number = {6},
          eid = {55},
        pages = {55},
          doi = {10.1007/s00190-020-01380-w},
archivePrefix = {arXiv},
       eprint = {2005.02546},
 primaryClass = {astro-ph.IM},
       adsurl = {https://ui.adsabs.harvard.edu/abs/2020JGeod..94...55D},
      adsnote = {Provided by the SAO/NASA Astrophysics Data System}
}



@ARTICLE{tropo,
       author = {{Williams}, Simon and {Bock}, Yehuda and {Fang}, Peng},
        title = "{Integrated satellite interferometry: Tropospheric noise, GPS estimates and implications for interferometric synthetic aperture radar products}",
      journal = {\jgr},
     keywords = {Geodesy and Gravity, Geodesy and Gravity: Instruments and techniques, Radio Science: Atmospheric propagation, Radio Science: Interferometry},
         year = 1998,
        month = nov,
       volume = {103},
       number = {B11},
        pages = {27,051-27,067},
          doi = {10.1029/98JB02794},
       adsurl = {https://ui.adsabs.harvard.edu/abs/1998JGR...10327051W},
      adsnote = {Provided by the SAO/NASA Astrophysics Data System}
}



@ARTICLE{antenna,
       author = {{Armstrong}, J.~W. and {Estabrook}, F.~B. and {Asmar}, S.~W. and {Iess}, L. and {Tortora}, P.},
        title = "{Reducing Antenna Mechanical Noise in Precision Doppler Tracking}",
      journal = {Interplanetary Network Progress Report},
         year = 2006,
        month = may,
       volume = {42-165},
        pages = {1-6},
       adsurl = {https://ui.adsabs.harvard.edu/abs/2006IPNPR.165F...1A},
      adsnote = {Provided by the SAO/NASA Astrophysics Data System}
}




@ARTICLE{local,
       author = {{Kocsis}, Bence and {Haiman}, Zolt{\'a}n and {Menou}, Kristen},
        title = "{Premerger Localization of Gravitational Wave Standard Sirens with LISA: Triggered Search for an Electromagnetic Counterpart}",
      journal = {\apj},
     keywords = {cosmic microwave background, cosmology: observations, cosmology: theory, galaxies: clusters: general, large-scale structure of universe, Astrophysics, General Relativity and Quantum Cosmology},
         year = 2008,
        month = sep,
       volume = {684},
       number = {2},
        pages = {870-887},
          doi = {10.1086/590230},
archivePrefix = {arXiv},
       eprint = {0712.1144},
 primaryClass = {astro-ph},
       adsurl = {https://ui.adsabs.harvard.edu/abs/2008ApJ...684..870K},
      adsnote = {Provided by the SAO/NASA Astrophysics Data System}
}


@ARTICLE{tamanini,
       author = {{Tamanini}, Nicola and {Danielski}, Camilla},
        title = "{The gravitational-wave detection of exoplanets orbiting white dwarf binaries using LISA}",
      journal = {Nature Astronomy},
     keywords = {Astrophysics - Earth and Planetary Astrophysics, Astrophysics - Instrumentation and Methods for Astrophysics, General Relativity and Quantum Cosmology},
         year = 2019,
        month = jul,
       volume = {3},
        pages = {858-866},
          doi = {10.1038/s41550-019-0807-y},
archivePrefix = {arXiv},
       eprint = {1812.04330},
 primaryClass = {astro-ph.EP},
       adsurl = {https://ui.adsabs.harvard.edu/abs/2019NatAs...3..858T},
      adsnote = {Provided by the SAO/NASA Astrophysics Data System}
}

@ARTICLE{danielski,
       author = {{Danielski}, C. and {Korol}, V. and {Tamanini}, N. and {Rossi}, E.~M.},
        title = "{Circumbinary exoplanets and brown dwarfs with the Laser Interferometer Space Antenna}",
      journal = {\aap},
     keywords = {planets and satellites: detection, brown dwarfs, white dwarfs, gravitational waves, planets and satellites: gaseous planets, Astrophysics - Earth and Planetary Astrophysics, Astrophysics - Instrumentation and Methods for Astrophysics, Astrophysics - Solar and Stellar Astrophysics, General Relativity and Quantum Cosmology},
         year = 2019,
        month = dec,
       volume = {632},
          eid = {A113},
        pages = {A113},
          doi = {10.1051/0004-6361/201936729},
archivePrefix = {arXiv},
       eprint = {1910.05414},
 primaryClass = {astro-ph.EP},
       adsurl = {https://ui.adsabs.harvard.edu/abs/2019A&A...632A.113D},
      adsnote = {Provided by the SAO/NASA Astrophysics Data System}
}

@ARTICLE{cutler,
       author = {{Cutler}, Curt},
        title = "{Angular resolution of the LISA gravitational wave detector}",
      journal = {\prd},
     keywords = {95.55.Ym, 04.80.Nn, 95.75.Pq, 97.60.Gb, Gravitational radiation detectors, mass spectrometers, and other instrumentation and techniques, Gravitational wave detectors and experiments, Mathematical procedures and computer techniques, Pulsars, General Relativity and Quantum Cosmology},
         year = 1998,
        month = jun,
       volume = {57},
       number = {12},
        pages = {7089-7102},
          doi = {10.1103/PhysRevD.57.7089},
archivePrefix = {arXiv},
       eprint = {gr-qc/9703068},
 primaryClass = {gr-qc},
       adsurl = {https://ui.adsabs.harvard.edu/abs/1998PhRvD..57.7089C},
      adsnote = {Provided by the SAO/NASA Astrophysics Data System}
}


