@PREAMBLE{
 "\providecommand{\noopsort}[1]{}" 
 # "\providecommand{\singleletter}[1]{#1}%" 
}

@BOOK{book,
   author       = {Carlo Giunti and Chung W. Kim},
   year         = 2007,
   title        = {Fundamentals of Neutrino Physics and Astrophysics},
   publisher    = {Oxford University Press}
}

@ARTICLE{nue2015,
   author       = {M. G. Aartsen and others},
   collaboration = "IceCube Collaboration",
   title        = "Measurement of the Atmospheric $\nu_e$ spectrum", 
   year         = "2015",
   journal      = "Phys. Rev. D",
   volume       = "91",
   DOI          = {122004},
   url          = {http://dx.doi.org/10.1103/PhysRevD.91.122004}
}

@ARTICLE{ersPrompt,
   author       = {R. Engberg, M. Reno, I. Sarcevic},
   title        = "Prompt neutrino fluxes from atmospheric charm", 
   year         = "2008",
   journal      = "Phys. Rev. D",
   volume       = "78",
   DOI          = {043005},
   url          = {http://dx.doi.org/10.1103/PhysRevD.91.122004}
}

@article{pertcharm,
   title="Perturbative charm production and the prompt atmospheric neutrino flux in light of RHIC and LHC",
   volume={2015},
   ISSN={1029-8479},
   url={http://dx.doi.org/10.1007/JHEP06(2015)110},
   DOI={10.1007/jhep06(2015)110},
   number={6},
   journal={Journal of High Energy Physics},
   publisher={Springer Science and Business Media LLC},
   author={Bhattacharya, Atri and Enberg, Rikard and Reno, Mary Hall and Sarcevic, Ina and Stasto, Anna},
   year={2015},
   month={Jun}
}

@ARTICLE{greater1TeV,
   author       = {M. G. Aartsen and others},
   collaboration = "IceCube Collaboration",
   title        = "Atmospheric and astrophysical neutrinos above
1 TeV interacting in IceCube", 
   year         = "2015",
   journal      = "Phys. Rev. D",
   volume       = "78",
   DOI          = {022001},
   url          = {http://dx.doi.org/10.1103/PhysRevD.91.122004}
}

@article{astrophysflux,
   title={OBSERVATION AND CHARACTERIZATION OF A COSMIC MUON NEUTRINO FLUX FROM THE NORTHERN HEMISPHERE USING SIX YEARS OF ICECUBE DATA},
   volume={833},
   ISSN={1538-4357},
   url={http://dx.doi.org/10.3847/0004-637X/833/1/3},
   DOI={10.3847/0004-637x/833/1/3},
   number={1},
   journal={The Astrophysical Journal},
   publisher={American Astronomical Society},
   author={M. G. Aartsen and others},
   year={2016},
   month={Dec},
   pages={3}
}

@article{Honda_2007,
   title={Calculation of atmospheric neutrino flux using the interaction model calibrated with atmospheric muon data},
   volume={75},
   ISSN={1550-2368},
   url={http://dx.doi.org/10.1103/PhysRevD.75.043006},
   DOI={10.1103/physrevd.75.043006},
   number={4},
   journal={Physical Review D},
   publisher={American Physical Society (APS)},
   author={Honda, M. and Kajita, T. and Kasahara, K. and Midorikawa, S. and Sanuki, T.},
   year={2007},
   month={Feb}
}

@article{AllSky,
   title={All-sky Search for Time-integrated Neutrino Emission from Astrophysical Sources with 7 yr of IceCube Data},
   volume={835},
   ISSN={1538-4357},
   url={http://dx.doi.org/10.3847/1538-4357/835/2/151},
   DOI={10.3847/1538-4357/835/2/151},
   number={2},
   journal={The Astrophysical Journal},
   publisher={American Astronomical Society},
   author={M. G. Aartsen and others},
   year={2017},
   month={Jan},
   pages={151}
}

@article{2yearAstro,
  title = {Evidence for Astrophysical Muon Neutrinos from the Northern Sky with IceCube},
  author = {M. G. Aartsen and others},
  collaboration = {IceCube Collaboration},
  journal = {Phys. Rev. Lett.},
  volume = {115},
  issue = {8},
  pages = {081102},
  numpages = {7},
  year = {2015},
  month = {Aug},
  publisher = {American Physical Society},
  doi = {10.1103/PhysRevLett.115.081102},
  url = {https://link.aps.org/doi/10.1103/PhysRevLett.115.081102}
}


@article{NorthernSky2016,
   title={OBSERVATION AND CHARACTERIZATION OF A COSMIC MUON NEUTRINO FLUX FROM THE NORTHERN HEMISPHERE USING SIX YEARS OF ICECUBE DATA},
   volume={833},
   ISSN={1538-4357},
   url={http://dx.doi.org/10.3847/0004-637X/833/1/3},
   DOI={10.3847/0004-637x/833/1/3},
   number={1},
   journal={The Astrophysical Journal},
   publisher={American Astronomical Society},
   author={Aartsen, M. G. and others},
   year={2016},
   month={Dec},
   pages={3}
}

@article{HESE2017,
    author = "Kopper, Claudio and others",
    collaboration = "IceCube",
    title = "{Observation of Astrophysical Neutrinos in Six Years of IceCube Data}",
    doi = "10.22323/1.301.0981",
    journal = "PoS",
    volume = "ICRC2017",
    pages = "981",
    year = "2018"
}

@article{Becker_2008,
   title={High-energy neutrinos in the context of multimessenger astrophysics},
   volume={458},
   ISSN={0370-1573},
   url={http://dx.doi.org/10.1016/j.physrep.2007.10.006},
   DOI={10.1016/j.physrep.2007.10.006},
   number={4-5},
   journal={Physics Reports},
   publisher={Elsevier BV},
   author={Becker, Julia K.},
   year={2008},
   month={Mar},
   pages={173–246}
}

@article{Abbasi_2009,
   title={The IceCube data acquisition system: Signal capture, digitization, and timestamping},
   volume={601},
   ISSN={0168-9002},
   url={http://dx.doi.org/10.1016/j.nima.2009.01.001},
   DOI={10.1016/j.nima.2009.01.001},
   number={3},
   journal={Nuclear Instruments and Methods in Physics Research Section A: Accelerators, Spectrometers, Detectors and Associated Equipment},
   publisher={Elsevier BV},
   author={Abbasi, R. and others},
   year={2009},
   month={Apr},
   pages={294–316}
}

@article{Gaisser_1995,
   title={Particle astrophysics with high energy neutrinos},
   volume={258},
   ISSN={0370-1573},
   url={http://dx.doi.org/10.1016/0370-1573(95)00003-Y},
   DOI={10.1016/0370-1573(95)00003-y},
   number={3},
   journal={Physics Reports},
   publisher={Elsevier BV},
   author={Gaisser, Thomas K. and Halzen, Francis and Stanev, Todor},
   year={1995},
   month={Jul},
   pages={173–236}
}

@manual{website,
  title  = "IceCube - South Pole Neutrino Observatory",
  author = "University of Wisconsin-Madison",
  url    = "https://icecube.wisc.edu/",
  year   = "2020, accessed June 9, 2020"
}

@manual{cov,
  title  = "An Alternative Way to Plot the Covariance Ellipse",
  author = "Carsten Schelp",
  url    = "https://carstenschelp.github.io/2018/09/14/Plot_Confidence_Ellipse_001.html",
  year   = "2020, accessed June 9, 2020"
}